@comment{x-kbibtex-personnameformatting=<%l><, %f>}

@string{pub-ORA = "{O'Reilly \& Associates, Inc.}"}

@string{pub-ORA:adr = "{981 Chestnut Street, Newton, MA 02164, USA}"}

@book{thompson2008interferometry,
  title={Interferometry and synthesis in radio astronomy},
  author={Thompson, A Richard and Moran, James M and Swenson Jr, George W},
  year={2008},
  publisher={John Wiley \& Sons}
}
@inproceedings{taylor1999synthesis,
  title={Synthesis imaging in radio astronomy II},
  author={Taylor, Greg B and Carilli, Chris Luke and Perley, Richard A},
  booktitle={Synthesis Imaging in Radio Astronomy II},
  volume={180},
  year={1999}
}
@article{leshem2000radio,
  title={Radio-astronomical imaging in the presence of strong radio interference},
  author={Leshem, Amir and van der Veen, A-J},
  journal={Information Theory, IEEE Transactions on},
  volume={46},
  number={5},
  pages={1730--1747},
  year={2000},
  publisher={IEEE}
}
@article{smirnov2011revisiting,
  title={Revisiting the radio interferometer measurement equation-I. A full-sky Jones formalism},
  author={Smirnov, Oleg M},
  journal={Astronomy \& Astrophysics},
  volume={527},
  pages={A106},
  year={2011},
  publisher={EDP Sciences}
}
@article{grobler2014calibration,
  title={Calibration artefacts in radio interferometry. I. Ghost sources in WSRT data},
  author={Grobler, TG and Nunhokee, CD and Smirnov, OM and van Zyl, AJ and de Bruyn, AG},
  journal={arXiv preprint arXiv:1402.1373},
  year={2014}
}
@article{cornwell2009hogbom,
  title={Hogbom's CLEAN algorithm. Impact on astronomy and beyond-Commentary on: H{\"o}gbom JA, 1974, A\&AS, 15, 417},
  author={Cornwell, TJ},
  journal={Astronomy \& Astrophysics},
  volume={500},
  number={1},
  pages={65--66},
  year={2009},
  publisher={EDP Sciences}
}
@article{dabbech2014moresane,
  title={MORESANE: MOdel REconstruction by Synthesis-ANalysis Estimators. A sparse deconvolution algorithm for radio interferometric imaging},
  author={Dabbech, Arwa and Ferrari, Chiara and Mary, David and Slezak, Eric and Smirnov, Oleg and Kenyon, Jonathan S},
  journal={arXiv preprint arXiv:1412.5387},
  year={2014}
}