@comment{x-kbibtex-personnameformatting=<%l><, %f>}

@string{pub-ORA = "{O'Reilly \& Associates, Inc.}"}

@string{pub-ORA:adr = "{981 Chestnut Street, Newton, MA 02164, USA}"}
@inproceedings{briggs1999imaging,
  title={Imaging},
  author={Briggs, Daniel S and Schwab, Frederic R and Sramek, Richard A},
  booktitle={Synthesis Imaging in Radio Astronomy II},
  volume={180},
  pages={127},
  year={1999}
}
@phdthesis{bregman2012system,
  title={System Design and Wide-field Imaging Aspects of Synthesis Arrays with Phased Array Stations},
  author={Bregman, Jacob Dirk},
  year={2012},
  school={Ph. D. Thesis, University of Groningen, Groningen, The Netherlands, pp81-82}
}

@inproceedings{cornwell1999deconvolution,
  title={Deconvolution},
  author={Cornwell, Tim and Braun, Robert and Briggs, Daniel S},
  booktitle={Synthesis Imaging in Radio Astronomy II},
  volume={180},
  pages={151},
  year={1999}
}

@inproceedings{thompson1999fundamentals,
  title={Fundamentals of radio interferometry},
  author={Thompson, A Richard},
  booktitle={Synthesis Imaging in Radio Astronomy II},
  volume={180},
  pages={11},
  year={1999}
}

@book{tms,
  address = "New York",
  author = "{Thompson}, A.~R. and {Moran}, J.~M. and {Swenson, Jr.}, G.~W.",
  edition = 2,
  publisher = "Wiley",
  title = "{Interferometry and Synthesis in Radio Astronomy}",
  year = "2001"
}
@article{landau1978prolate,
  title={Prolate spheroidal wave functions, Fourier analysis, and uncertaintyâ€”V: the discrete case},
  author={Landau, HJ and Pollak, HO},
  journal={Bell Syst. Tech. J},
  volume={57},
  number={5},
  pages={1371--1430},
  year={1978}
}
@article{delsarte1985discrete,
  title={Discrete prolate spheroidal wave functions and interpolation},
  author={Delsarte, Ph and Janssen, AJEM and Vries, LB},
  journal={SIAM Journal on Applied Mathematics},
  volume={45},
  number={4},
  pages={641--650},
  year={1985},
  publisher={SIAM}
}

@ARTICLE{offringa-filtering,
   author = {{Offringa}, A.~R. and {de Bruyn}, A.~G. and {Zaroubi}, S.},
    title = "{Post-correlation filtering techniques for off-axis source and RFI removal}",
  journal = {\mnras},
archivePrefix = "arXiv",
   eprint = {1201.5564},
 primaryClass = "astro-ph.IM",
 keywords = {instrumentation: interferometers, methods: data analysis, techniques: interferometric, radio continuum: general},
     year = 2012,
    month = may,
   volume = 422,
    pages = {563-580},
      doi = {10.1111/j.1365-2966.2012.20633.x},
   adsurl = {http://adsabs.harvard.edu/abs/2012MNRAS.422..563O},
  adsnote = {Provided by the SAO/NASA Astrophysics Data System}
}
